@article{Balajinath:2001:IDT:2294491.2294970,
		author = {Balajinath, B and Raghavan, S.V},
		title = {Intrusion detection through learning behavior model},
		journal = {Comput. Commun.},
		issue_date = {July, 2001},
		volume = {24},
		number = {12},
		month = jul,
		year = {2001},
		issn = {0140-3664},
		pages = {1202--1212},
		numpages = {11},
		url = {http://dx.doi.org/10.1016/S0140-3664(00)00364-9},
		doi = {10.1016/S0140-3664(00)00364-9},
		acmid = {2294970},
		publisher = {Elsevier Science Publishers B. V.},
		address = {Amsterdam, The Netherlands, The Netherlands},
		keywords = {Behavior learning, Genetic algorithms, Intrusion detection},
} 

@inproceedings{Ashbrook:2002:LSL:862896.881068,
		author = {Ashbrook, D.},
		title = {Learning Significant Locations and Predicting User Movement with GPS},
		booktitle = {Proceedings of the 6th IEEE International Symposium on Wearable Computers},
		series = {ISWC '02},
		year = {2002},
		isbn = {0-7695-1816-8},
		pages = {101--},
		url = {http://dl.acm.org/citation.cfm?id=862896.881068},
		acmid = {881068},
		publisher = {IEEE Computer Society},
		address = {Washington, DC, USA},
} 

@inproceedings{Goecks:2000:LUI:325737.325806,
		author = {Goecks, Jeremy and Shavlik, Jude},
		title = {Learning users' interests by unobtrusively observing their normal behavior},
		booktitle = {Proceedings of the 5th international conference on Intelligent user interfaces},
		series = {IUI '00},
		year = {2000},
		isbn = {1-58113-134-8},
		location = {New Orleans, Louisiana, United States},
		pages = {129--132},
		numpages = {4},
		url = {http://doi.acm.org/10.1145/325737.325806},
		doi = {10.1145/325737.325806},
		acmid = {325806},
		publisher = {ACM},
		address = {New York, NY, USA},
		keywords = {adaptive information retrieval, intelligent Web agents, learning by observation, learning user preferences},
}

@inproceedings{Pathak:2012:ESI:2168836.2168841,
		author = {Pathak, Abhinav and Hu, Y. Charlie and Zhang, Ming},
		title = {Where is the energy spent inside my app?: fine grained energy accounting on smartphones with Eprof},
		booktitle = {Proceedings of the 7th ACM european conference on Computer Systems},
		series = {EuroSys '12},
		year = {2012},
		isbn = {978-1-4503-1223-3},
		location = {Bern, Switzerland},
		pages = {29--42},
		numpages = {14},
		url = {http://doi.acm.org/10.1145/2168836.2168841},
		doi = {10.1145/2168836.2168841},
		acmid = {2168841},
		publisher = {ACM},
		address = {New York, NY, USA},
		keywords = {Eprof, energy, mobile, smartphones},
} 
@inproceedings{energy-aware,
		author= {Hung-Ching Chang, Abhishek R Agrawal, and Kirk W Cameron},
		title={Energy-Aware Computing for Android Platforms},
		url={http://scape.cs.vt.edu/wp-content/uploads/2012/08/ITJ12_Android_Energy-Aware.pdf},
		booktitle={Intel Technology Journal on Energy and Sustainability},
		year={2012}
}

@inproceedings{Zeng:2003:CUA:1247340.1247344,
	author = {Zeng, Heng and Ellis, Carla S. and Lebeck, Alvin R. and Vahdat, Amin},
	title = {Currentcy: a unifying abstraction for expressing energy management policies},
	booktitle = {Proceedings of the annual conference on USENIX Annual Technical Conference},
	series = {ATEC '03},
	year = {2003},
	location = {San Antonio, Texas},
	pages = {4--4},
        numpages = {1},
	url = {http://dl.acm.org/citation.cfm?id=1247340.1247344},
	acmid = {1247344},
	publisher = {USENIX Association},
	address = {Berkeley, CA, USA},
} 

@inproceedings{Rumble:2009:AJT:1592606.1592618,
       	author = {Rumble, Stephen M. and Stutsman, Ryan and Levis, Philip and Mazi\`{e}res, David and Zeldovich, Nickolai},
	title = {Apprehending joule thieves with cinder},
	booktitle = {Proceedings of the 1st ACM workshop on Networking, systems, and applications for mobile handhelds},
	series = {MobiHeld '09},
	year = {2009},
	isbn = {978-1-60558-444-7},
	location = {Barcelona, Spain},
        pages = {49--54},
	numpages = {6},
	url = {http://doi.acm.org/10.1145/1592606.1592618},
	doi = {10.1145/1592606.1592618},
	acmid = {1592618},
	publisher = {ACM},
	address = {New York, NY, USA},
	keywords = {capacitor, energy, hierarchical},
} 

@inproceedings{mobilePowerUsageMeasurements,
 author = {Murmuria, Rahul and Medsger, Jeffrey and Stavrou, Angelos and Voas, Jeffrey M.},
 title = {Mobile Application and Device Power Usage Measurements},
 booktitle = {Proceedings of the 2012 IEEE Sixth International Conference on Software Security and Reliability},
 series = {SERE '12},
 year = {2012},
 isbn = {978-0-7695-4742-8},
 pages = {147--156},
 numpages = {10},
 url = {http://dx.doi.org/10.1109/SERE.2012.19},
 doi = {10.1109/SERE.2012.19},
 acmid = {2359713},
 publisher = {IEEE Computer Society},
 address = {Washington, DC, USA},
 keywords = {smart handheld devices, energy model, power usage measurements},
} 

@inproceedings{dataMiningFraudDetection,
    author = {Tom Fawcett and Foster Provost},
    title = {Combining Data Mining and Machine Learning for Effective User Profiling},
    booktitle = {},
    year = {1996},
    pages = {8--13},
    publisher = {AAAI Press}
}

@inproceedings{learningUserBehavior,
  added-at = {2011-01-31T00:00:00.000+0100},
  author = {Shi, Elaine and Niu, Yuan and Jakobsson, Markus and Chow, Richard},
  biburl = {http://www.bibsonomy.org/bibtex/2e61e13cbea69747a63b792ec09d0e606/dblp},
  booktitle = {ISC},
  crossref = {conf/isw/2010},
  editor = {Burmester, Mike and Tsudik, Gene and Magliveras, Spyros S. and Ilic, Ivana},
  ee = {http://dx.doi.org/10.1007/978-3-642-18178-8_9},
  interhash = {c79be59e3e92304eeef60d569583707d},
  intrahash = {e61e13cbea69747a63b792ec09d0e606},
  isbn = {978-3-642-18177-1},
  keywords = {dblp},
  pages = {99-113},
  publisher = {Springer},
  series = {Lecture Notes in Computer Science},
  timestamp = {2011-01-31T00:00:00.000+0100},
  title = {Implicit Authentication through Learning User Behavior.},
  url = {http://dblp.uni-trier.de/db/conf/isw/isc2010.html#ShiNJC10},
  volume = 6531,
  year = 2010
}



